<?xml version="1.0" encoding="UTF-8"?><collection xmlns="http://www.loc.gov/MARC21/slim"><record><leader>00495nam--2200193-i-4500</leader><controlfield tag="001">000005411</controlfield><controlfield tag="002">20161230</controlfield><controlfield tag="005">20161230201026</controlfield><controlfield tag="008">060222s1000------------r-----000-0-eng-d</controlfield><datafield ind1=" " ind2=" " tag="040"><subfield code="a">IFIN-HH</subfield></datafield><datafield ind1=" " ind2=" " tag="080"><subfield code="a">533.9</subfield></datafield><datafield ind1="1" ind2=" " tag="100"><subfield code="a">Denisse, J.F</subfield></datafield><datafield ind1="1" ind2="0" tag="245"><subfield code="a">Theorie des ondes dans les plasmas</subfield><subfield code="c">J.f.denisse, j.l. delcroix</subfield></datafield><datafield ind1=" " ind2=" " tag="260"><subfield code="a">Paris, Dunod, 1961</subfield></datafield><datafield ind1=" " ind2=" " tag="300"><subfield code="a">XII+167P</subfield></datafield><datafield ind1=" " ind2=" " tag="490"><subfield code="a">Monographies Dunod</subfield></datafield><datafield ind1="1" ind2=" " tag="700"><subfield code="a">Delcroix, J.L</subfield></datafield><datafield ind1=" " ind2=" " tag="852"><subfield code="a">16184</subfield><subfield code="c">533.9</subfield></datafield><datafield ind1=" " ind2=" " tag="CAT"><subfield code="a">Sys</subfield><subfield code="c">20100921</subfield><subfield code="h">144539</subfield></datafield></record></collection>